<record><leader>00000cas a2200000 i 4500</leader><controlfield tag="001">904756201</controlfield><controlfield tag="006">m     o  d        </controlfield><controlfield tag="007">cr |||||||||||</controlfield><controlfield tag="008">150312d18481851laudn neo     0   a0eng  </controlfield><datafield ind1=" " ind2=" " tag="010"><subfield code="a">  2015218573</subfield></datafield><datafield ind1=" " ind2=" " tag="040"><subfield code="a">DLC</subfield><subfield code="b">eng</subfield><subfield code="e">rda</subfield><subfield code="c">DLC</subfield><subfield code="d">DLC</subfield><subfield code="d">OCLCA</subfield></datafield><datafield ind1="0" ind2=" " tag="022"><subfield code="a">2377-7257</subfield><subfield code="2">1</subfield></datafield><datafield ind1=" " ind2=" " tag="042"><subfield code="a">pcc</subfield><subfield code="a">nsdp</subfield></datafield><datafield ind1=" " ind2=" " tag="043"><subfield code="a">n-us-la</subfield></datafield><datafield ind1="1" ind2="0" tag="050"><subfield code="a">ISSN RECORD</subfield></datafield><datafield ind1="0" ind2="0" tag="082"><subfield code="a">071</subfield><subfield code="2">23</subfield></datafield><datafield ind1=" " ind2="4" tag="222"><subfield code="a">The daily crescent</subfield><subfield code="b">(Online)</subfield></datafield><datafield ind1="0" ind2="4" tag="245"><subfield code="a">The daily crescent.</subfield></datafield><datafield ind1=" " ind2="1" tag="264"><subfield code="a">[New Orleans, Louisiana] :</subfield><subfield code="b">Hayes &amp; M'Clure,</subfield><subfield code="c">1848-1851.</subfield></datafield><datafield ind1=" " ind2=" " tag="300"><subfield code="a">1 online resource</subfield></datafield><datafield ind1=" " ind2=" " tag="310"><subfield code="a">Daily (except Sun.)</subfield><subfield code="b">Mar. 6, 1848-1851</subfield></datafield><datafield ind1=" " ind2=" " tag="321"><subfield code="a">Daily</subfield><subfield code="b">Mar. 5, 1848</subfield></datafield><datafield ind1=" " ind2=" " tag="336"><subfield code="a">text</subfield><subfield code="b">txt</subfield><subfield code="2">rdacontent</subfield></datafield><datafield ind1=" " ind2=" " tag="337"><subfield code="a">computer</subfield><subfield code="b">c</subfield><subfield code="2">rdamedia</subfield></datafield><datafield ind1=" " ind2=" " tag="338"><subfield code="a">online resource</subfield><subfield code="b">cr</subfield><subfield code="2">rdacarrier</subfield></datafield><datafield ind1="1" ind2=" " tag="362"><subfield code="a">Began with volume I, number 1 (March 5, 1848); ceased with volume IV, number 249 (December 20, 1851).</subfield></datafield><datafield ind1=" " ind2=" " tag="580"><subfield code="a">Also published semiweekly.</subfield></datafield><datafield ind1=" " ind2=" " tag="588"><subfield code="a">Description based on: Volume I, number 1 (March 5, 1848); title from masthead (Chroniclingamerica.loc.gov, viewed March 12, 2015).</subfield></datafield><datafield ind1=" " ind2=" " tag="588"><subfield code="a">Latest issue consulted: Volume IV, number 249 (December 20, 1851) (Chroniclingamerica.loc.gov, viewed March 12, 2015).</subfield></datafield><datafield ind1=" " ind2="0" tag="651"><subfield code="a">New Orleans (La.)</subfield><subfield code="v">Newspapers.</subfield></datafield><datafield ind1=" " ind2="7" tag="651"><subfield code="a">Louisiana</subfield><subfield code="z">New Orleans.</subfield><subfield code="2">fast</subfield><subfield code="0">(OCoLC)fst01204311</subfield></datafield><datafield ind1=" " ind2="7" tag="655"><subfield code="a">Newspapers.</subfield><subfield code="2">fast</subfield><subfield code="0">(OCoLC)fst01423814</subfield></datafield><datafield ind1=" " ind2=" " tag="752"><subfield code="a">United States</subfield><subfield code="b">Louisiana</subfield><subfield code="c">Orleans</subfield><subfield code="d">New Orleans.</subfield></datafield><datafield ind1="0" ind2=" " tag="775"><subfield code="t">Weekly crescent (New Orleans, La.)</subfield></datafield><datafield ind1="0" ind2="8" tag="776"><subfield code="i">Originally issued in print:</subfield><subfield code="t">Daily crescent</subfield><subfield code="x">2377-7249</subfield><subfield code="w">(DLC)sn 82015378</subfield><subfield code="w">(OCoLC)8807215</subfield></datafield><datafield ind1="0" ind2="0" tag="785"><subfield code="t">New Orleans daily crescent (New Orleans, La. : 1851)</subfield><subfield code="x">2334-5810</subfield><subfield code="w">(DLC)  2014218242</subfield><subfield code="w">(OCoLC)875418945</subfield></datafield><datafield ind1="4" ind2="0" tag="856"><subfield code="u">http://www.loc.gov/chroniclingamerica/lccn/sn82015378/issues</subfield></datafield></record>